@article{kaggledataset,
  title={Store Sales Time Series Forecasting},
  author={The dataset for this problem was taken from an ongoing sales forecasting competition on Kaggle},
  journal={https://www.kaggle.com/competitions/store-sales-time-series-forecasting},
  volume={1},
  year={2022},
  publisher={Kaggle}
}


